<record><leader>00000cas a2200000 a 4500</leader><controlfield tag="001">33312769</controlfield><controlfield tag="008">951016c19349999nyuwr ne      0    0eng c</controlfield><datafield ind1=" " ind2=" " tag="010"><subfield code="a">sn 95071456 </subfield></datafield><datafield ind1=" " ind2=" " tag="040"><subfield code="a">NYS</subfield><subfield code="b">eng</subfield><subfield code="c">NYS</subfield><subfield code="d">OCLCQ</subfield><subfield code="d">OCLCF</subfield><subfield code="d">OCLCO</subfield></datafield><datafield ind1=" " ind2=" " tag="042"><subfield code="a">pcc</subfield></datafield><datafield ind1=" " ind2=" " tag="043"><subfield code="a">n-us-ny</subfield></datafield><datafield ind1="0" ind2=" " tag="130"><subfield code="a">Herald (Lawrence, N.Y.)</subfield></datafield><datafield ind1="1" ind2="4" tag="245"><subfield code="a">The herald.</subfield></datafield><datafield ind1="1" ind2="3" tag="246"><subfield code="a">Nassau herald</subfield></datafield><datafield ind1=" " ind2=" " tag="260"><subfield code="a">Lawrence, Nassau County, N.Y. :</subfield><subfield code="b">Beegle Pub. Co.,</subfield><subfield code="c">1934-</subfield></datafield><datafield ind1=" " ind2=" " tag="300"><subfield code="a">v. :</subfield><subfield code="b">ill.</subfield></datafield><datafield ind1=" " ind2=" " tag="310"><subfield code="a">Weekly</subfield></datafield><datafield ind1="0" ind2=" " tag="362"><subfield code="a">Vol. 11, no. 3 (Oct. 30, 1934)-</subfield></datafield><datafield ind1=" " ind2=" " tag="500"><subfield code="a">Includes: "Woodmere-Hewlett Page", &lt;1934&gt;.</subfield></datafield><datafield ind1=" " ind2=" " tag="500"><subfield code="a">"Official paper of Hewlett, Hewlett Harbor, Cedarhurst, Hewlett Bay Park and Lawrence."</subfield></datafield><datafield ind1=" " ind2=" " tag="500"><subfield code="a">Publisher: Richter Publications &lt;1980?&gt;.</subfield></datafield><datafield ind1=" " ind2=" " tag="500"><subfield code="a">Associated Papers (1984): Lynbrook News; Long Island Graphic &amp; Roosevelt Press; Meadowbrook Times; Rockaway Journal; South Shore Reporter; Oceanside-Island Park Herald.</subfield></datafield><datafield ind1=" " ind2=" " tag="500"><subfield code="a">Herald Community Newspapers (2004): Baldwin Herald; Bellmore Herald; East Meadow Herald; Franklin Square/Elmont Herald; Long Beach Herald; Lynbrook/East Rockaway Herald; Malverne/West Hempstead Herald; Merrick Herald; Oceanside/Island Park Herald; Rockville Centre Herald; Valley Stream Herald.</subfield></datafield><datafield ind1=" " ind2=" " tag="530"><subfield code="a">Available via the World Wide Web.</subfield></datafield><datafield ind1=" " ind2=" " tag="580"><subfield code="a">"Replated" from Tuesday ed. of: Rockaway Journal, 1938-1964.</subfield></datafield><datafield ind1=" " ind2="0" tag="651"><subfield code="a">Lawrence (N.Y.)</subfield><subfield code="v">Newspapers.</subfield></datafield><datafield ind1=" " ind2="0" tag="651"><subfield code="a">Hewlett (N.Y.)</subfield><subfield code="v">Newspapers.</subfield></datafield><datafield ind1=" " ind2="0" tag="651"><subfield code="a">Woodmere (N.Y.)</subfield><subfield code="v">Newspapers.</subfield></datafield><datafield ind1=" " ind2="0" tag="651"><subfield code="a">Cedarhurst (N.Y.)</subfield><subfield code="v">Newspapers.</subfield></datafield><datafield ind1=" " ind2="0" tag="651"><subfield code="a">Nassau County (N.Y.)</subfield><subfield code="v">Newspapers.</subfield></datafield><datafield ind1=" " ind2="7" tag="655"><subfield code="a">Newspapers.</subfield><subfield code="2">fast</subfield><subfield code="0">(OCoLC)fst01423814</subfield></datafield><datafield ind1=" " ind2="7" tag="651"><subfield code="a">New York (State)</subfield><subfield code="z">Cedarhurst.</subfield><subfield code="2">fast</subfield><subfield code="0">(OCoLC)fst01232489</subfield></datafield><datafield ind1=" " ind2="7" tag="651"><subfield code="a">New York (State)</subfield><subfield code="z">Hewlett.</subfield><subfield code="2">fast</subfield><subfield code="0">(OCoLC)fst01272765</subfield></datafield><datafield ind1=" " ind2="7" tag="651"><subfield code="a">New York (State)</subfield><subfield code="z">Lawrence.</subfield><subfield code="2">fast</subfield><subfield code="0">(OCoLC)fst01230019</subfield></datafield><datafield ind1=" " ind2="7" tag="651"><subfield code="a">New York (State)</subfield><subfield code="z">Nassau County.</subfield><subfield code="2">fast</subfield><subfield code="0">(OCoLC)fst01205518</subfield></datafield><datafield ind1=" " ind2="7" tag="651"><subfield code="a">New York (State)</subfield><subfield code="z">Woodmere.</subfield><subfield code="2">fast</subfield><subfield code="0">(OCoLC)fst01237686</subfield></datafield><datafield ind1=" " ind2=" " tag="752"><subfield code="a">United States</subfield><subfield code="b">New York</subfield><subfield code="c">Nassau</subfield><subfield code="d">Lawrence.</subfield></datafield><datafield ind1="1" ind2=" " tag="775"><subfield code="t">Rockaway journal</subfield><subfield code="g">1938-&lt;1964&gt;</subfield><subfield code="w">(DLC)sn 83031009</subfield><subfield code="w">(OCoLC)9741418</subfield></datafield><datafield ind1="0" ind2="0" tag="780"><subfield code="t">Rockaway Branch journal</subfield><subfield code="w">(DLC)sn 95071455</subfield><subfield code="w">(OCoLC)33978209</subfield></datafield><datafield ind1="4" ind2="1" tag="856"><subfield code="u">http://www.zwire.com/site/news.cfm?brd=1601&amp;NavSec=60584</subfield></datafield></record>